@misc{un,
  author = {United Nations},
  title = {Climate Change, United Nations},
  year = {2020},
  howpublished = {\url{https://www.un.org/en/sections/issues-depth/climate-change/}},
  note = {[Accessed 5-July-2020]}
}

@misc{bfast_docs,
  author = {F. {Gieseke}},
  title = {Break Detection for Additive Season and Trend - BFAST 0.3.3 documentation},
  year = {2020},
  howpublished = {\url{https://bfast.readthedocs.io/en/latest/index.html}},
  note = {[Accessed 5-July-2020]}
}

@inproceedings{redd,
  title={From RED to REDD+: the evolution of a forest-based mitigation approach for developing countries},
  author={Till Pistorius},
  booktitle={Current Opinion in Environmental Sustainability},
  year={2012},
  volume={4},
  number={6},
  pages={638–645}
}

@inproceedings{bfast_monitor,
  author={F. {Gieseke} and S. {Rosca} and T. {Henriksen} and J. {Verbesselt} and C. E. {Oancea}},
  booktitle={2020 IEEE 36th International Conference on Data Engineering (ICDE)}, 
  title={Massively-Parallel Change Detection for Satellite Time Series Data with Missing Values}, 
  year={2020},
  volume={},
  number={},
  pages={385-396},}

@inproceedings{bfast,
  author={J. {Verbesselt} and R. {Hyndman} and G. {Newnham} and D. {Culvenor}},
  booktitle={Remote Sensing of Environment},
  title={Detecting trend and seasonal changes in satellite image time series},
  year={2010},
  volume={114},
  number={1},
  pages={106–115}}


@inproceedings{strucchange,
  author={A. {Zeileis} and F. {Leisch} and K. {Hornik} and C. {Kleiber}},
  booktitle={Journal of Statistical Software},
  title={strucchange: An R Package for Testing for Structural Change in Linear Regression Models},
  volume={7},
  year={2002},
  number={2},
}

@inproceedings{stl,
  author={R. B. {Cleveland} and W. S. {Cleaveland} and J. E. {McRae} and I. {Terpenning}},
  booktitle={Journal of Official Statistics},
  title={STL: A seasonal-trend decomposition procedure based on loess},
  year={1990},
  volume={6},
  number={1},
  pages={3-33}}

@article{loess,
 ISSN = {01621459},
 URL = {http://www.jstor.org/stable/2289282},
 author = {William S. Cleveland and Susan J. Devlin},
 journal = {Journal of the American Statistical Association},
 number = {403},
 pages = {596--610},
 publisher = {[American Statistical Association, Taylor & Francis, Ltd.]},
 title = {Locally Weighted Regression: An Approach to Regression Analysis by Local Fitting},
 volume = {83},
 year = {1988}
}

@misc{stlplus,
  author = {Ryan Hafen},
  title = {\texttt{stlplus} - Seasonal Decomposition of Time Series by Loess - v0.5.1 documentation},
  howpublished = {\url{https://www.rdocumentation.org/packages/stlplus/versions/0.5.1/topics/stlplus}},
  note = {[Accessed 10-July-2020]}
}

@misc{bfast-github,
  author = {BFAST Organisation},
  title = {\texttt{bfast2/bfast}  Breaks For Additive Season and Trend Source Code},
  howpublished = {\url{https://github.com/bfast2/bfast/blob/master/R/bfast.R}},
  note = {[Accessed 10-July-2020]}
}

@article{kuan_hornik,
  author = {Chung-Ming Kuan and Kurt Hornik },
title = {The generalized fluctuation test: A unifying view},
journal = {Econometric Reviews},
volume = {14},
number = {2},
pages = {135-161},
year  = {1995},
publisher = {Taylor & Francis},
doi = {10.1080/07474939508800311}
}